@Book{xie2015,
  title = {Dynamic Documents with {R} and knitr},
  author = {Yihui Xie},
  publisher = {Chapman and Hall/CRC},
  address = {Boca Raton, Florida},
  year = {2015},
  edition = {2nd},
  note = {ISBN 978-1498716963},
  url = {http://yihui.name/knitr/},
}

@techreport{rae,
	title = {Informe de la Real Academia Espa침ola sobre el uso del lenguaje inclusivo en la Constituci칩n Espa침ola, elaborado a petici칩n de la Vicepresidenta del Gobierno},
	author = {{RAE}, {}}
}

@article{kuhn1996,
	title = {The Structure of Scientific Revolutions},
	author = {{Kuhn}, {Thomas S.}},
	year = {1996},
	date = {1996},
	doi = {10.7208/chicago/9780226458106.001.0001},
	url = {http://dx.doi.org/10.7208/chicago/9780226458106.001.0001}
}
